<record><leader>00000cas a22000007a 4500</leader><controlfield tag="001">18845057</controlfield><controlfield tag="008">881206d19051916nduwr ne      0    0eng d</controlfield><datafield ind1=" " ind2=" " tag="010"><subfield code="a">sn 88076054 </subfield></datafield><datafield ind1=" " ind2=" " tag="040"><subfield code="a">NOP</subfield><subfield code="b">eng</subfield><subfield code="c">NOP</subfield><subfield code="d">OCLCQ</subfield></datafield><datafield ind1=" " ind2=" " tag="042"><subfield code="a">msc</subfield></datafield><datafield ind1="0" ind2="0" tag="245"><subfield code="a">Rolette County herald.</subfield></datafield><datafield ind1=" " ind2=" " tag="260"><subfield code="a">Rolla, Rolette County, N.D. :</subfield><subfield code="b">A.O. Graham</subfield></datafield><datafield ind1=" " ind2=" " tag="300"><subfield code="a">v. :</subfield><subfield code="b">ill. ;</subfield><subfield code="c">55 cm.</subfield></datafield><datafield ind1=" " ind2=" " tag="310"><subfield code="a">Weekly</subfield></datafield><datafield ind1="1" ind2=" " tag="362"><subfield code="a">Began in 1905?</subfield></datafield><datafield ind1="0" ind2=" " tag="362"><subfield code="a">-v. 33, no. 29 (Dec. 28, 1916).</subfield></datafield><datafield ind1=" " ind2=" " tag="530"><subfield code="a">Available on microfilm from the State Historical Society of North Dakota.</subfield></datafield><datafield ind1=" " ind2=" " tag="588"><subfield code="a">Description based on: Vol. 21, no. 44 (Apr. 20, 1905).</subfield></datafield><datafield ind1=" " ind2=" " tag="752"><subfield code="a">United States</subfield><subfield code="b">North Dakota</subfield><subfield code="c">Rolette</subfield><subfield code="d">Rolla.</subfield></datafield><datafield ind1="0" ind2="0" tag="780"><subfield code="t">Dunseith herald (Dunseith, N.D. : 1884)</subfield><subfield code="w">(DLC)sn 88076052</subfield></datafield><datafield ind1="0" ind2="7" tag="785"><subfield code="t">Turtle Mountain star (Rolla, N.D. : 1888)</subfield><subfield code="w">(DLC)sn 88076055</subfield></datafield><datafield ind1="0" ind2="7" tag="785"><subfield code="t">Turtle Mountain star and Rolette County herald</subfield><subfield code="w">(DLC)sn 88076056</subfield></datafield><datafield ind1="1" ind2=" " tag="029"><subfield code="a">AU@</subfield><subfield code="b">000025835152</subfield></datafield></record>